@article{oppenheim1968homomorphic,
  title={Homomorphic analysis of speech},
  author={Oppenheim, Alan V and Schafer, Ronald W},
  journal={Audio and Electroacoustics, IEEE Transactions on},
  volume={16},
  number={2},
  pages={221--226},
  year={1968},
  publisher={IEEE}
}

@article{davis1980comparison,
  title={<a href="http://home.iitk.ac.in/~rhegde/ee627_2015/mermelmfcc.pdf">Comparison of parametric representations for monosyllabic word recognition in continuously spoken sentences</a>},
  author={Davis, Steven and Mermelstein, Paul},
  journal={Acoustics, Speech and Signal Processing, IEEE Transactions on},
  volume={28},
  number={4},
  pages={357--366},
  year={1980},
  publisher={IEEE}
}

@article{mikolov2013efficient,
  title={<a href="http://arxiv.org/pdf/1301.3781.pdf">Efficient estimation of word representations in vector space</a>},
  author={Mikolov, Tomas and Chen, Kai and Corrado, Greg and Dean, Jeffrey},
  journal={arXiv preprint arXiv:1301.3781},
  year={2013}
}

@inproceedings{mikolov2013distributed,
  title={<a href="http://papers.nips.cc/paper/5021-distributed-representations-of-words-and-phrases-and-their-compositionality.pdf">Distributed representations of words and phrases and their compositionality</a>},
  author={Mikolov, Tomas and Sutskever, Ilya and Chen, Kai and Corrado, Greg S and Dean, Jeff},
  booktitle={Advances in Neural Information Processing Systems},
  pages={3111--3119},
  year={2013}
}

@article{le2014distributed,
  title={<a href="http://cs.stanford.edu/~quocle/paragraph_vector.pdf">Distributed representations of sentences and documents</a>},
  author={Le, Quoc V and Mikolov, Tomas},
  journal={arXiv preprint arXiv:1405.4053},
  year={2014}
}

@article{tang2015line,
  title={<a href="http://arxiv.org/pdf/1503.03578v1.pdf">LINE: Large-scale Information Network Embedding</a>},
  author={Tang, Jian and Qu, Meng and Wang, Mingzhe and Zhang, Ming and Yan, Jun and Mei, Qiaozhu},
  journal={arXiv preprint arXiv:1503.03578},
  year={2015}
}

@article{bengio2003neural,
  title={<a href="http://jmlr.csail.mit.edu/papers/volume3/bengio03a/bengio03a.pdf">A neural probabilistic language model</a>},
  author={Bengio, Yoshua and Ducharme, R{\'e}jean and Vincent, Pascal and Janvin, Christian},
  journal={The Journal of Machine Learning Research},
  volume={3},
  pages={1137--1155},
  year={2003},
  publisher={JMLR. org}
}

@article{talkin1995robust,
  title={<a href="http://www.ee.columbia.edu/~dpwe/papers/Talkin95-rapt.pdf">A robust algorithm for pitch tracking (RAPT)</a>},
  author={Talkin, David},
  journal={Speech coding and synthesis},
  volume={495},
  pages={518},
  year={1995},
  publisher={New York: Elsevier}
}

@inproceedings{ghahremani2014pitch,
  title={<a href="https://ccrma.stanford.edu/~pdelac/PitchDetection/icmc01-pitch.pdf">A pitch extraction algorithm tuned for automatic speech recognition</a>},
  author={Ghahremani, Pegah and BabaAli, Bagher and Povey, Daniel and Riedhammer, Korbinian and Trmal, Jan and Khudanpur, Sanjeev},
  booktitle={Acoustics, Speech and Signal Processing (ICASSP), 2014 IEEE International Conference on},
  pages={2494--2498},
  year={2014},
  organization={IEEE}
}
